@misc{Entschei47:online,
    author = {},
    title = {Entscheidungsbaum – Wikipedia},
    howpublished = {\url{https://de.wikipedia.org/wiki/Entscheidungsbaum}},
    month = {},
    year = {},
    note = {(Accessed on 05/20/2021)}
}
@misc{DataMining,
    author = {Mirko Schinck},
    title = {Data Mining Vorlesung 2: Classification 1, Einführung, Validierung und Decision Trees},
    note = {Mannheim, 2021}
}
@misc{QuinlanID3,
    author = {J.R. Quinlan},
    title = {Induction of Decision Trees},
    year = {1986}
}
@misc{RiskSample,
    author = {Mirko Schinck},
    title = {Datamining Vorlesung, RiskSample.csv},
    note = {Mannheim, 2021}
}
@misc{ImplementationID3,
  author       = {Rupali Bhardwaj, Sonia Vatta},
  title        = {Implementation of ID3 Algorithm},
  year         = {2013},
  series       = {Volume 3},
  organization = {CSE, Bahra Univerity India},
}
@misc{EntropyClaudeShennon,
  author       = {Claude Shannon},
  title        = {A Mathematical Theory of Communication},
  year         = {1948},
  journal      = {Bell System Technical Journal},
}
@online{ID3algor15:online,
    author = {},
    title = {ID3 algorithm - Wikipedia},
    url = {https://en.wikipedia.org/wiki/ID3_algorithm},
    month = {},
    year = {},
    urldate = {05/26/2021}
}
@online{Entropy:online,
    author = {},
    title = {Entropy (information theory) - Wikipedia},
    url = {https://en.wikipedia.org/wiki/Entropy_(information_theory)},
    month = {},
    year = {},
    urldate = {05/26/2021}
}
@misc{Informat29:online,
    author = {},
    title = {Information gain in decision trees - Wikipedia},
    url = {https://en.wikipedia.org/wiki/Information_gain_in_decision_trees},
    month = {},
    year = {},
    note = {(Accessed on 05/27/2021)}
}
@misc{ConditionalEntropy:online,
    author = {},
    title = {Conditional entropy - Wikipedia},
    howpublished = {\url{https://en.wikipedia.org/wiki/Conditional_entropy}},
    month = {},
    year = {},
    note = {(Accessed on 05/27/2021)}
}
@online{BedingteEntropie:online,
author = {},
title = {Bedingte Entropie – Wikipedia},
url = {https://de.wikipedia.org/wiki/Bedingte_Entropie},
month = {},
year = {},
urldate = {05/27/2021}
}
@misc{ThailandID3,
    author       = {Kietikul JEARANAITANAKIJ},
    title        = {Classifying Continuous Data Set by ID3 Algorithm},
    institution  = {KingMongkut's Institute of Technology Ladkrabang Bangkok,Thailand},
}
@misc{MaxKeyByValue:online,
    author = {},
    title = {Python max()},
    howpublished = {\url{https://www.programiz.com/python-programming/methods/built-in/max}},
    month = {},
    year = {},
    note = {(Accessed on 05/21/2021)}
}
@misc{PythonCourseDecisionTrees:online,
    author = {},
    title = {Machine Learning with Python: Decision Trees in Python},
    howpublished = {\url{https://www.python-course.eu/Decision_Trees.php}},
    month = {},
    year = {},
    note = {(Accessed on 05/21/2021)}
}